<?xml version="1.0" encoding="UTF-8"?><collection xmlns="http://www.loc.gov/MARC21/slim"><record><leader>00519nam--2200181-i-4500</leader><controlfield tag="001">000019517</controlfield><controlfield tag="002">20161230</controlfield><controlfield tag="005">20161230201033</controlfield><controlfield tag="008">060222s1000------------r-----000-0-eng-d</controlfield><datafield ind1=" " ind2=" " tag="040"><subfield code="a">IFIN-HH</subfield></datafield><datafield ind1=" " ind2=" " tag="080"><subfield code="a">539.12.123(047.1)</subfield></datafield><datafield ind1="1" ind2=" " tag="100"><subfield code="a">Frenkel, J</subfield></datafield><datafield ind1="1" ind2="0" tag="245"><subfield code="a">Heavy fermions and proton-neutron mass difference</subfield><subfield code="c">J. frenkel, m.l. frenkel, m.e. ebel</subfield></datafield><datafield ind1=" " ind2=" " tag="260"><subfield code="a">Madison, Wisconsin</subfield><subfield code="b">University Of Winsconsin</subfield><subfield code="c">1974</subfield></datafield><datafield ind1=" " ind2=" " tag="300"><subfield code="a">30 P</subfield></datafield><datafield ind1="1" ind2=" " tag="700"><subfield code="a">Ebel, M.E</subfield></datafield><datafield ind1=" " ind2=" " tag="852"><subfield code="a">40679</subfield><subfield code="c">539.12</subfield></datafield><datafield ind1=" " ind2=" " tag="CAT"><subfield code="a">Sys</subfield><subfield code="c">20111124</subfield><subfield code="h">090628</subfield></datafield></record></collection>